@book{quinn_deriso,
    author    = {Quinn,T. J. and Deriso,R. B.},
    title     = {Quantitative Fish Dynamics},
    year      = {1999},
    publisher = {Oxford University Press},
    address   = {New York}
}


@Manual{R,
       title        = {R: A Language and Environment for Statistical
                       Computing},
       author       = {{R Development Core Team}},
       organization = {R Foundation for Statistical Computing},
       address      = {Vienna, Austria},
       year         = 2010,
       note         = {{ISBN} 3-900051-07-0},
       url          = {http://www.R-project.org}
     }


@ARTICLE{Francis92,
author={Francis,R. I. C. C.},
year={1992},
title={Use of risk analysis to assess fishery management strategies: a case study using orange roughy (Hoplostethus atlanticus) on the Chatham Rise, New Zealand},
journal={Canadian Journal of Fisheries and Aquatic Sciences},
volume={49},
number={5},
pages={922-930},
note={Cited By (since 1996): 87},
url={www.scopus.com},
}
}

@ARTICLE{FLRref,
author={Kell,L. T. and Mosqueira,I. and Grosjean,P. and Fromentin,J. -. and Garcia,D. and Hillary,R. and Jardim,E. and Mardle,S. and Pastoors,M. A. and Poos,J. J. and Scott,F. and Scott,R. D.},
year={2007},
title={FLR: An open-source framework for the evaluation and development of management strategies},
journal={ICES Journal of Marine Science},
volume={64},
number={4},
pages={640-646},
note={Cited By (since 1996): 37},
url={www.scopus.com},
}
}

@ARTICLE{Walters06,
author={Walters,C. J. and Martell,S. J. D. and Korman,J.},
year={2006},
title={A stochastic approach to stock reduction analysis},
journal={Canadian Journal of Fisheries and Aquatic Sciences},
volume={63},
number={1},
pages={212-223},
note={Cited By (since 1996): 7},
url={www.scopus.com},
}
}
