@article{Magnusson:2007,
   author = {Magnusson, A. and Hilborn, R.},
   title = {What makes fisheries data informative},
   journal = {Fish and Fisheries},
   volume = {8},
   pages = {337-358},
   year = {2007}
}